@inproceedings{confbib1,
  author = {Кривоносов М.И., Тихомиров С.Н., Денисов С.В.},
  title = {Исследование времени достижения границы в случайных блужданиях на квадратной двумерной решетке индуцированных игровым конфликтом},
  booktitle = {Труды XXVI научной конференции по радиофизике},
  year = {2022},
  language = {russian},
  authorconf = {true},
}

@ARTICLE{bib1,
  author = {Ivanchenko M.V., Denisov S., Zaburdaev V.Yu., Krivonosov M.I.},
  title = {Genetic noise mechanism for power-law switching in bacterial flagellar motors},
  journal = {Journal of Physics A: Mathematical and Theoretical},
  year = {2018},
  volume = {51},
  pages = {265601},
  language = {english},
  authorscopus = {true},
  authorwos = {true},
  addendum = {(Scopus, WoS)},
}

@ARTICLE{bib2,
  author = {Pankratova E.V., Kalyakulina A.I., Krivonosov M.I., Denisov S., Taute K.M., Zaburdaev V.Yu.},
  title = {Chemotactic drift speed for bacterial motility pattern with two alternating turning events},
  journal = {PLoS ONE},
  year = {2018},
  number = {1},  
  volume = {13},
  pages = {E0190434},
  language = {english},
  authorscopus = {true},
  authorwos = {true},
  addendum = {(Scopus, WoS)},
}

