@book{nowak_evolutionary_2006,
	title = {Evolutionary Dynamics: Exploring the Equations of Life},
	isbn = {978-0-674-02338-3},
	shorttitle = {Evolutionary Dynamics},
	publisher = {Harvard University Press},
	author = {Nowak, Martin A.},
	date = {2006},
	doi = {10.2307/j.ctvjghw98},
	language = {english},
}

@article{li_evolutionary_2013,
	title = {An Evolutionary Game Model of Financial Markets with Heterogeneous Players},
	volume = {17},
	issn = {1877-0509},
	doi = {10.1016/j.procs.2013.05.122},
	series = {First International Conference on Information Technology and Quantitative Management},
	pages = {958--964},
	journal = {Procedia Computer Science},
	shortjournal = {Procedia Computer Science},
	author = {Li, Honggang and Wu, Chensheng and Yuan, Mingyu},
	date = {2013-01-01},
	keywords = {Evolutionary game, Heterogeneous trader, Price bubble, Price dynamics},
	language = {english},
}

@article{j_w_milnor_games_1955,
	title = {On games of survival, Research memorandum P-622},
	journal = {{RAND} Corporation},
	author = {J. W. Milnor and L. S. Shapley},
	date = {1955},
	language = {english},
}

@article{knebel_evolutionary_2015,
	title = {Evolutionary games of condensates in coupled birth-death processes},
	volume = {6},
	issn = {2041-1723},
	doi = {10.1038/ncomms7977},
	pages = {6977},
	journal = {Nature Communications},
	shortjournal = {Nat Commun},
	author = {Knebel, Johannes and Weber, Markus F. and Krüger, Torben and Frey, Erwin},
	date = {2015-04-24},
	pmid = {25908384},
	pmcid = {PMC4421816},
	keywords = {Algorithms, Biological Evolution, Chemical Phenomena, Game Theory},
	language = {english},
}

@article{romanovsky_1961,
	title = {Случайные блуждания игрового типа},
	volume = {6},
	issn = {2305-3151},
	pages = {426--429},
	number = {4},
	journal = {Теория вероятностей и ее применения},
	shortjournal = {Теория вероятностей и ее применения},
	author = {И. В. Романовский},
	date = {1961},
	language = {russian},
}

@article{raiffa_decision_1993,
	title = {Decision analysis: introductory lectures on choices under uncertainty. 1968},
	volume = {10},
	issn = {0724-6811},
	shorttitle = {Decision analysis},
	pages = {312--328},
	number = {5},
	journal = {M.D. Computing: Computers in Medical Practice},
	shortjournal = {{MD} Comput},
	author = {Raiffa, H.},
	date = {1968},
	pmid = {8231747},
	keywords = {Decision Support Techniques, Decision Theory, Decision Trees, History, 20th Century, Probability, Statistics as Topic},
	language = {english},
}

@book{redner_guide_2001,
	location = {Cambridge},
	title = {A Guide to First-Passage Processes},
	isbn = {978-0-521-65248-3},
	publisher = {Cambridge University Press},
	author = {Redner, Sidney},
	date = {2001},
	doi = {10.1017/CBO9780511606014},
	language = {english},
}

@article{grebenkov_universal_2016,
	title = {Universal Formula for the Mean First Passage Time in Planar Domains},
	volume = {117},
	doi = {10.1103/PhysRevLett.117.260201},
	pages = {260201},
	number = {26},
	journal = {Physical Review Letters},
	shortjournal = {Phys. Rev. Lett.},
	author = {Grebenkov, Denis S.},
	date = {2016-12-23},
	language = {english},
}

@article{grebenkov_towards_2018,
	title = {Towards a full quantitative description of single-molecule reaction kinetics in biological cells},
	volume = {20},
	issn = {1463-9084},
	doi = {10.1039/C8CP02043D},
	pages = {16393--16401},
	number = {24},
	journal = {Physical Chemistry Chemical Physics},
	shortjournal = {Phys. Chem. Chem. Phys.},
	author = {Grebenkov, Denis S. and Metzler, Ralf and Oshanin, Gleb},
	date = {2018-06-20},
	language = {english},
}

@article{kearns_experimental_2006,
	title = {An experimental study of the coloring problem on human subject networks},
	volume = {313},
	issn = {1095-9203},
	doi = {10.1126/science.1127207},
	pages = {824--827},
	number = {5788},
	journal = {Science (New York, N.Y.)},
	shortjournal = {Science},
	author = {Kearns, Michael and Suri, Siddharth and Montfort, Nick},
	date = {2006-08-11},
	pmid = {16902134},
	keywords = {Game Theory, Group Processes, Humans, Interpersonal Relations, Social Behavior, Systems Theory},
	language = {english},
}

@article{shirado_locally_2017,
	title = {Locally Noisy Autonomous Agents Improve Global Human Coordination in Network Experiments},
	volume = {545},
	issn = {0028-0836},
	doi = {10.1038/nature22332},
	pages = {370--374},
	number = {7654},
	journal = {Nature},
	shortjournal = {Nature},
	author = {Shirado, Hirokazu and Christakis, Nicholas A.},
	date = {2017-05-17},
	pmid = {28516927},
	pmcid = {PMC5912653},
	language = {english},
}

@article{lynn_human_2020,
	title = {Human information processing in complex networks},
	volume = {16},
	rights = {2020 The Author(s), under exclusive licence to Springer Nature Limited},
	issn = {1745-2481},
	doi = {10.1038/s41567-020-0924-7},
	pages = {965--973},
	number = {9},
	journal = {Nature Physics},
	shortjournal = {Nat. Phys.},
	author = {Lynn, Christopher W. and Papadopoulos, Lia and Kahn, Ari E. and Bassett, Danielle S.},
	date = {2020-09},
	keywords = {Complex networks, Information theory and computation},
	language = {english},
}

@book{kemeny_finite_1960,
	location = {Princeton, N.J.},
	title = {Finite Markov chains},
	isbn = {978-0-442-04328-5},
	series = {University series in undergraduate mathematics},
	pagetotal = {210},
	publisher = {Van Nostrand},
	author = {Kemeny, John G. and Snell, J. Laurie},
	date = {1960},
	keywords = {Markov Chains, Markov processes, Markov-processen, Markov, Processus de, Probabilités, Probabilities, probability, Probability, Processus de Markov},
	language = {english},
}

@book{gagniuc_markov_2017,
	location = {Hoboken, {NJ}},
	title = {Markov chains: from theory to implementation and experimentation},
	isbn = {978-1-119-38757-2},
	shorttitle = {Markov chains},
	pagetotal = {1},
	publisher = {John Wiley \& Sons},
	author = {Gagniuc, Paul A.},
	date = {2017},
	keywords = {Electronic books, Markov processes, {MATHEMATICS} Applied, {MATHEMATICS} Probability \& Statistics General, Processus de Markov},
	language = {english},
}

@article{matsumoto_mersenne_1998,
	title = {Mersenne twister: a 623-dimensionally equidistributed uniform pseudo-random number generator},
	volume = {8},
	issn = {1049-3301},
	doi = {10.1145/272991.272995},
	shorttitle = {Mersenne twister},
	pages = {3--30},
	number = {1},
	journal = {{ACM} Transactions on Modeling and Computer Simulation},
	shortjournal = {{ACM} Trans. Model. Comput. Simul.},
	author = {Matsumoto, Makoto and Nishimura, Takuji},
	date = {1998-01-01},
	keywords = {finite fields, {GFSR}, incomplete array, inversive-decimation method, k-distribution, m-sequences, Mersenne primes, Mersenne twister, {MT}19937, multiple-recursive matrix method, primitive polynomials, random number generation, tempering, {TGFSR}},
	language = {english},
}

@article{zaburdaev_levy_2015,
	title = {L'evy walks},
	volume = {87},
	doi = {10.1103/RevModPhys.87.483},
	pages = {483--530},
	number = {2},
	journal = {Reviews of Modern Physics},
	shortjournal = {Rev. Mod. Phys.},
	author = {Zaburdaev, V. and Denisov, S. and Klafter, J.},
	date = {2015-06-09},
	language = {english},
}

@article{friedman_towards_2001,
	title = {Towards evolutionary game models of financial markets},
	volume = {1},
	issn = {1469-7688},
	doi = {10.1080/713665544},
	pages = {177--185},
	number = {1},
	journal = {Quantitative Finance},
	author = {Friedman, D.},
	date = {2001-01-01},
	language = {english},
}

@book{monagan2012maple,
	title={Maple V Programming Guide: For Release 5},
	author={Monagan, Michael B and Geddes, Keith O and Heal, K Michael and Labahn, George and Vorkoetter, Stefan M and Devitt, JS and Hansen, ML and Redfern, D and Rickard, KM and others},
	year={2012},
	publisher={Springer Science \& Business Media},
	language = {english},
}


@article{marques_particle_2006,
	title = {Particle swarm-based olfactory guided search},
	volume = {20},
	issn = {1573-7527},
	doi = {10.1007/s10514-006-7567-0},
	language = {english},
	number = {3},
	journal = {Autonomous Robots},
	author = {Marques, Lino and Nunes, Urbano and de Almeida, A. T.},
	year = {2006},
	keywords = {Cooperative robotics, Olfactive search, Particle swarm optimization},
	pages = {277--287},
}

@book{xiong_intelligent_2008,
	title = {Intelligent Robotics and Applications: First International Conference, {ICIRA} 2008 Wuhan, China, October 15-17, 2008 Proceedings, Part {II}},
	isbn = {978-3-540-88518-4},
	shorttitle = {Intelligent Robotics and Applications},
	pagetotal = {1288},
	publisher = {Springer},
	author = {Xiong, Caihua and Huang, Yongan and Xiong, Youlun},
	date = {2008},
	keywords = {Computers / Artificial Intelligence / Computer Vision \& Pattern Recognition, Computers / Artificial Intelligence / General, Computers / Computer Simulation, Computers / Optical Data Processing, Computers / Software Development \& Engineering / Computer Graphics, Medical / Education \& Training, Medical / Physical Medicine \& Rehabilitation},
	language = {english},
}

@article{dshalalow_random_2008,
	title = {Random Walk Analysis in Antagonistic Stochastic Games},
	volume = {26},
	issn = {0736-2994},
	doi = {10.1080/07362990802128354},
	pages = {738--783},
	number = {4},
	journal = {Stochastic Analysis and Applications},
	author = {Dshalalow, Jewgeni H.},
	date = {2008-06-30},
	keywords = {60G51, 60G55, 60G57, 60K05, 82B41, 91A05, 91A10, 91A60, Exit time, First passage time, Fluctuation theory, Game theory, Lévy process, Noncooperative games, Point processes, Poisson process, Random walk process, Ruin time, Stochastic games},
	language = {english},
}

@article{dankel_long_2004,
	title = {A Long Game: Racing Random Walkers},
	volume = {88},
	issn = {0025-5572},
	shorttitle = {A Long Game},
	pages = {57--67},
	number = {511},
	journal = {The Mathematical Gazette},
	author = {Dankel, T. G. and Brown, J. L.},
	date = {2004},
	language = {english},
}


@MASTERSTHESIS{outlaw_markov_2016,
	title = {Markov {Chains}, {Random} {Walks}, and {Card} {Shuffling}},
	language = {en},
	school = {East Carolina University},
	author = {Outlaw, Nolan},
	year = {2016},
}



@article{baldi_intransitiveness_2020,
	title = {Intransitiveness: From Games to Random Walks},
	volume = {12},
	issn = {1999-5903},
	doi = {10.3390/fi12090151},
	shorttitle = {Intransitiveness},
	pages = {151},
	number = {9},
	journal = {Future Internet},
	author = {Baldi, Alberto and Bagnoli, Franco},
	date = {2020-09},
	keywords = {network theory, Penney game, random walk, transitivity},
	language = {english},
}

@book{feller_introduction_1968,
	location = {S.l.},
	edition = {3rd edition},
	title = {An Introduction to Probability Theory and Its Applications, Vol. 1, 3rd Edition},
	isbn = {978-0-471-25708-0},
	pagetotal = {509},
	publisher = {Wiley},
	author = {Feller, William},
	date = {1968},
	language = {english},
}

@article{cencetti_second_2016,
	title = {The second will be first: competition on directed networks},
	volume = {6},
	issn = {2045-2322},
	doi = {10.1038/srep27116},
	shorttitle = {The second will be first},
	pages = {27116},
	journal = {Scientific Reports},
	shortjournal = {Sci Rep},
	author = {Cencetti, Giulia and Bagnoli, Franco and Di Patti, Francesca and Fanelli, Duccio},
	date = {2016-06-07},
	pmid = {27271996},
	pmcid = {PMC4895223},
	language = {english},
}

@article{kittas_trapping_2008,
	title = {Trapping in complex networks},
	volume = {84},
	issn = {0295-5075},
	doi = {10.1209/0295-5075/84/40008},
	pages = {40008},
	number = {4},
	journal = {{EPL} (Europhysics Letters)},
	shortjournal = {{EPL}},
	author = {Kittas, A. and Carmi, S. and Havlin, S. and Argyrakis, P.},
	date = {2008-11},
	language = {english},
}

@article{lee_random-walk_1989,
	title = {Random-walk simulation of diffusion-controlled processes among static traps},
	volume = {39},
	doi = {10.1103/PhysRevB.39.11833},
	pages = {11833--11839},
	number = {16},
	journal = {Physical Review B},
	shortjournal = {Phys. Rev. B},
	author = {Lee, Sang Bub and Kim, In Chan and Miller, C. A. and Torquato, S.},
	date = {1989-06-01},
	language = {english},
}

@book{hald_history_2003,
	edition = {1st edition},
	title = {A History of Probability and Statistics and Their Applications before 1750},
	isbn = {978-0-471-47129-5},
	pagetotal = {586},
	publisher = {Wiley-Interscience},
	author = {Hald, Anders},
	date = {2003},
	language = {english},
}

@book{huygens_christiani_1714,
	title = {Christiani Hugenii Libellus de Ratiociniis in Ludo Aleae: Or, The Value of All Chances in Games of Fortune; Cards, Dice, Wagers, Lotteries, \&c. Mathematically Demonstrated},
	shorttitle = {Christiani Hugenii Libellus de Ratiociniis in Ludo Aleae},
	pagetotal = {82},
	publisher = {S. Keimer},
	author = {Huygens, Christiaan},
	date = {1714},
	language = {english},
}

@article{kmet_gamblers_2002,
	title = {Gambler's Ruin Problem in Several Dimensions},
	volume = {28},
	issn = {0196-8858},
	doi = {10.1006/aama.2001.0769},
	pages = {107--118},
	number = {2},
	journal = {Advances in Applied Mathematics},
	shortjournal = {Advances in Applied Mathematics},
	author = {Kmet, Andrej and Petkovšek, Marko},
	date = {2002-02-01},
	language = {english},
}

@article{orr_computer_1994,
	title = {A Computer Algebra Approach to the Discrete Dirichlet Problem},
	volume = {18},
	issn = {0747-7171},
	doi = {10.1006/jsco.1994.1038},
	pages = {87--90},
	number = {1},
	journal = {Journal of Symbolic Computation},
	shortjournal = {Journal of Symbolic Computation},
	author = {Orr, Craig R. and Zeilberger, Doron},
	date = {1994-07-01},
	language = {english},
}

@article{rayleigh_problem_1905,
	title = {The Problem of the Random Walk},
	volume = {72},
	issn = {0028-0836},
	doi = {10.1038/072318a0},
	pages = {318},
	journal = {Nature},
	author = {{Rayleigh}},
	date = {1905-08-01},
	language = {english},
}

@article{pearson_problem_1905,
	title = {The Problem of the Random Walk},
	volume = {72},
	rights = {1905 Nature Publishing Group},
	issn = {1476-4687},
	doi = {10.1038/072294b0},
	pages = {294--294},
	number = {1865},
	journal = {Nature},
	author = {Pearson, Karl},
	date = {1905-07},
	keywords = {Humanities and Social Sciences, multidisciplinary, Science},
	language = {english},
}

@article{rayleigh_lxi_1877,
	title = {{LXI}. Acoustical observations},
	volume = {3},
	issn = {1941-5982},
	doi = {10.1080/14786447708639268},
	pages = {456--464},
	number = {20},
	journal = {The London, Edinburgh, and Dublin Philosophical Magazine and Journal of Science},
	author = {Rayleigh, Lord},
	date = {1877-06-01},
	language = {english},
}

@article{polya_uber_1921,
	title = {Über eine Aufgabe der Wahrscheinlichkeitsrechnung betreffend die Irrfahrt im Straßennetz},
	volume = {84},
	issn = {1432-1807},
	doi = {10.1007/BF01458701},
	pages = {149--160},
	number = {1},
	journal = {Mathematische Annalen},
	shortjournal = {Math. Ann.},
	author = {Pólya, Georg},
	date = {1921-03-01},
	language = {english},
}

@article{temperley_combinatorial_1956,
	title = {Combinatorial Problems Suggested by the Statistical Mechanics of Domains and of Rubber-Like Molecules},
	volume = {103},
	doi = {10.1103/PhysRev.103.1},
	pages = {1--16},
	number = {1},
	journal = {Physical Review},
	shortjournal = {Phys. Rev.},
	author = {Temperley, H.},
	date = {1956-07-01},
	language = {english},
}

@article{kuhn_uber_1930,
	title = {Über die Kinetik des Abbaues hochmolekularer Ketten},
	volume = {63},
	issn = {1099-0682},
	doi = {10.1002/cber.19300630631},
	pages = {1503--1509},
	number = {6},
	journal = {Berichte der deutschen chemischen Gesellschaft (A and B Series)},
	author = {Kuhn, Werner},
	date = {1930},
	language = {english},
}

@book{flory_principles_1953,
	location = {Ithaca, N.Y.},
	title = {Principles of polymer chemistry},
	isbn = {978-0-8014-0134-3},
	series = {George Fisher Baker non-resident lectureship in chemistry at Cornell University},
	pagetotal = {672},
	publisher = {Cornell University Press},
	author = {Flory, Paul J.},
	date = {1953},
	keywords = {Chemie, Polymeren, Polymères, Polyméres et polymérisation, Polymerisatie, Polymérisation, polymerization, Polymerization, polymers, Polymers},
	language = {english},
}

@article{gee_interaction_1946,
	title = {The interaction between rubber and liquids. {VIII}. A new examination of the thermodynamic properties of the system rubber + benzene},
	volume = {42},
	issn = {0014-7672},
	doi = {10.1039/TF9464200507},
	pages = {507--517},
	journal = {Transactions of the Faraday Society},
	shortjournal = {Trans. Faraday Soc.},
	author = {Gee, Geoffrey and Orr, W. J. C.},
	date = {1946-01-01},
	language = {english},
}

@article{ising_beitrag_1925,
	title = {Beitrag zur Theorie des Ferromagnetismus},
	volume = {31},
	issn = {0044-3328},
	doi = {10.1007/BF02980577},
	pages = {253--258},
	number = {1},
	journal = {Zeitschrift für Physik},
	shortjournal = {Z. Physik},
	author = {Ising, Ernst},
	date = {1925-02-01},
	language = {english},
}

@book{tricomi_funzioni_1954,
	location = {Roma},
	title = {Funzioni ipergeometriche confluenti},
	series = {Consiglio nazionale delle ricerche. Monografie matematiche},
	pagetotal = {309},
	number = {1},
	publisher = {Edizioni cremonese},
	author = {Tricomi, F. G.},
	date = {1954},
	keywords = {Hypergeometric functions},
	language = {english},
}

@article{van_der_waerden_lange_1941,
	title = {Die lange Reichweite der regelmäßigen Atomanordnung in Mischkristallen},
	volume = {118},
	issn = {0044-3328},
	doi = {10.1007/BF01342928},
	pages = {473--488},
	number = {7},
	journal = {Zeitschrift für Physik},
	shortjournal = {Z. Physik},
	author = {van der Waerden, B. L.},
	date = {1941-07-01},
	language = {english},
}

@book{markov_wahrscheinlichkeitsrechnung_1912,
	location = {Leipzig},
	title = {Wahrscheinlichkeitsrechnung},
	pagetotal = {317},
	publisher = {Teubner},
	author = {Markov, Andrej Andreevič. and Liebmann, Heinrich},
	date = {1912},
	keywords = {Markov, A.A, {PROBABILITY} {THEORY} {AND} {STOCHASTIC} {PROCESSES} ({MATHEMATICS}), Stochastik, {THÉORIE} {DES} {PROBABILITÉS} {ET} {PROCESSUS} {STOCHASTIQUES} ({MATHÉMATIQUES}), Wahrscheinlichkeitsrechnung, {WAHRSCHEINLICHKEITSTHEORIE} {UND} {STOCHASTISCHE} {PROZESSE} ({MATHEMATIK})},
	language = {english},
}

@article{nash_non-cooperative_1951,
	title = {Non-Cooperative Games},
	volume = {54},
	issn = {0003-486X},
	doi = {10.2307/1969529},
	pages = {286--295},
	number = {2},
	journal = {Annals of Mathematics},
	author = {Nash, John},
	date = {1951},
	language = {english},
}


@techreport{milnor_games_1956,
	title = {On {Games} of {Survival}},
	language = {english},
	number = {P-622},
	institution = {RAND Corporation},
	author = {Milnor, John Willard and Shapley, Lloyd S.},
	year = {1956},
	keywords = {Game Theory},
}

@techreport{peisakoff_more_1952,
	title = {More on {Games} of {Survival}},
	language = {english},
	number = {RM-884},
	institution = {RAND Corporation},
	author = {Peisakoff, Melvin P.},
	year = {1952},
}

@techreport{hausner_games_1952,
	title = {Games of {Survival}},
	language = {english},
	number = {RM-776},
	institution = {RAND Corporation},
	author = {Hausner, Melvin},
	year = {1952},
	keywords = {National Security and Terrorism},
}

@techreport{bellman_non-zero_1949,
	title = {On {Non}-{Zero} {Games} and {Stochastic} {Processes}},
	language = {english},
	number = {RM-212-PR},
	institution = {RAND Corporation},
	author = {Bellman, Richard Ernest and Lasalle, J. P.},
	year = {1949},
}

@techreport{bellman_decision-making_1954,
	title = {Decision-{Making} in the {Face} of {Uncertainty} \&mdash {II}},
	language = {english},
	number = {P-593},
	institution = {RAND Corporation},
	author = {Bellman, Richard Ernest},
	year = {1954},
}

@techreport{bellman_decision_1954,
	title = {Decision {Making} in the {Face} of {Uncertainty} -- {I}: {Uncertain} {Outcome}},
	shorttitle = {Decision {Making} in the {Face} of {Uncertainty} -- {I}},
	language = {english},
	number = {P-568},
	institution = {RAND Corporation},
	author = {Bellman, Richard Ernest},
	year = {1954},
}


@book{Sobol_monte-carlo_1968,
	location = {Москва},
	title = {Метод Монте-Карло},
	series = {Популярные лекции по математике},
	pagetotal = {64},
	number = {Вып. 46},
	publisher = {Наука},
	author = {Соболь, Илья Меерович},
	date = {1968},
	keywords = {Монте-Карло метод},
	language = {russian},
}

@book{renyi_1980,
	location = {М},
	title = {Трилогия о математике},
	series = {Н. Т. В мире науки и техники; 75},
	pagetotal = {376},
	publisher = {Мир},
	author = {Реньи, А. А.},
	date = {1980},
	language = {russian},
}

@book{shiryaev_2021,
	location = {Москва},
	title = {Вероятность 2: Суммы и последовательности случайных величин - стационарные, мартингалы, марковские цепи},
	isbn = {978-5-4439-1556-2},
	shorttitle = {Кн. 2},
	pagetotal = {416},
	publisher = {Изд-во МЦНМО},
	date = {2021},
	language = {russian},
}

@book{Barbruk_internet_2015,
	location = {Москва},
	title = {Интернет-революция},
	isbn = {978-5-91103-241-8},
	pagetotal = {127},
	publisher = {Ад Маргинем Пресс},
	author = {Барбрук, Ричард},
	date = {2015},
	keywords = {Культура. Наука. Просвещение -- Информатика. Научно-информационная деятельность -- Теория научно-информационной деятельности -- Основные принципы и общие проблемы научно-информационной деятельности -- Информатика и общество -- Сборники одного автора},
	language = {russian},
}


@inproceedings{teslenko_cell_network_2018,
	title = {История Развития Сотовой Связи В России И За Рубежом},
	language = {russian},
	booktitle = {Материалы {II} международной научно-практической конференции, приуроченной ко Дню Российской науки},
	publisher = {Общество с ограниченной ответственностью "АМиСта"},
	author = {Тесленко, И. Б. and Царев, А. О.},
	year = {2018},
	keywords = {Сотовая Связь},
	pages = {204--207},
}


@article{zhang_advantages_2018,
	title = {Advantages and challenges in using mobile apps for field experiments: A systematic review and a case study},
	volume = {6},
	issn = {2050-1579, 2050-1587},
	doi = {10.1177/2050157917725550},
	shorttitle = {Advantages and challenges in using mobile apps for field experiments},
	pages = {179--196},
	number = {2},
	journal = {Mobile Media \& Communication},
	shortjournal = {Mobile Media \& Communication},
	author = {Zhang, Jingwen and Calabrese, Christopher and Ding, Jieyu and Liu, Mingxuan and Zhang, Biying},
	date = {2018-05},
	language = {english},
}

@article{li_conducting_2021,
	title = {Conducting large, repeated, multi-game economic experiments using mobile platforms},
	volume = {16},
	issn = {1932-6203},
	doi = {10.1371/journal.pone.0250668},
	pages = {e0250668},
	number = {4},
	journal = {{PLOS} {ONE}},
	shortjournal = {{PLOS} {ONE}},
	author = {Li, Zhi and Lin, Po-Hsuan and Kong, Si-Yuan and Wang, Dongwu and Duffy, John},
	date = {2021-04-29},
	keywords = {Decision making, Experimental economics, Game theory, Games, Labor economics, Payment, Public goods game, Ultimatum game},
	language = {english},
}

@article{serkh_optimal_2014,
	title = {Optimal Schedules of Light Exposure for Rapidly Correcting Circadian Misalignment},
	volume = {10},
	issn = {1553-7358},
	doi = {10.1371/journal.pcbi.1003523},
	pages = {e1003523},
	number = {4},
	journal = {{PLOS} Computational Biology},
	shortjournal = {{PLOS} Computational Biology},
	author = {Serkh, Kirill and Forger, Daniel B.},
	date = {2014-04-10},
	keywords = {Chronobiology, Circadian oscillators, Circadian rhythms, Light pulses, Mathematical models, Pacemakers, Solid-phase extraction, White light},
	language = {english},
}

@article{zhang_efficacy_2015,
	title = {Efficacy and causal mechanism of an online social media intervention to increase physical activity: Results of a randomized controlled trial},
	volume = {2},
	issn = {2211-3355},
	doi = {10.1016/j.pmedr.2015.08.005},
	shorttitle = {Efficacy and causal mechanism of an online social media intervention to increase physical activity},
	pages = {651--657},
	journal = {Preventive Medicine Reports},
	shortjournal = {Preventive Medicine Reports},
	author = {Zhang, Jingwen and Brackbill, Devon and Yang, Sijia and Centola, Damon},
	date = {2015-01-01},
	keywords = {Exercise, Internet, Network, Randomized controlled trial, Social media},
	language = {english},
}

@inproceedings{menon_application_2021,
	location = {Singapore},
	title = {An Application Suite: Effectiveness in Tracking and Monitoring of Skill Training Programs},
	isbn = {9789811572340},
	doi = {10.1007/978-981-15-7234-0_38},
	series = {Advances in Intelligent Systems and Computing},
	shorttitle = {An Application Suite},
	pages = {425--433},
	booktitle = {Proceedings of International Conference on Recent Trends in Machine Learning, {IoT}, Smart Cities and Applications},
	publisher = {Springer},
	author = {Menon, Balu M. and Aswathi, P. and Lekha, Shekar},
	editor = {Gunjan, Vinit Kumar and Zurada, Jacek M.},
	year = {2021},
	keywords = {Deployment, Real-world applications of text mining, Sentiment analysis, Skill training program},
	language = {english},
}

@article{chataway_geography_2017,
	title = {The geography of crime fear: A pilot study exploring event-based perceptions of risk using mobile technology},
	volume = {86},
	issn = {0143-6228},
	doi = {10.1016/j.apgeog.2017.06.010},
	shorttitle = {The geography of crime fear},
	pages = {300--307},
	journal = {Applied Geography},
	shortjournal = {Applied Geography},
	author = {Chataway, Michael L. and Hart, Timothy C. and Coomber, Ross and Bond, Christine},
	date = {2017-09-01},
	keywords = {Fear of crime, Measurement, Place-based perceptions, Reliability},
	language = {english},
}

@article{pyke_understanding_2015,
	title = {Understanding movements of organisms: it's time to abandon the Lévy foraging hypothesis},
	volume = {6},
	issn = {2041-210X},
	doi = {10.1111/2041-210X.12298},
	shorttitle = {Understanding movements of organisms},
	pages = {1--16},
	number = {1},
	journal = {Methods in Ecology and Evolution},
	author = {Pyke, Graham H.},
	date = {2015},
	keywords = {directionality, distance, location, optimal foraging theory, power law},
	language = {english},
}

@article{lascala-gruenewald_sensory_2019,
	title = {Sensory perception plays a larger role in foraging efficiency than heavy-tailed movement strategies},
	volume = {404},
	pages = {69--82},
	issue = {C},
	journal = {Ecological Modelling},
	author = {{LaScala}-Gruenewald, Diana E. and Mehta, Rohan S. and Liu, Yu and Denny, Mark W.},
	date = {2019},
	keywords = {agent-based model, destructive foraging, environmental heterogeneity, Lévy walk, optimal search, sensory perception},
	language = {english},
}

@book{kemeny_finite_1976,
	location = {New York},
	title = {Finite Markov Chains: With a New Appendix "Generalization of a Fundamental Matrix"},
	isbn = {978-0-387-90192-3},
	shorttitle = {Finite Markov Chains},
	pagetotal = {238},
	author = {Kemeny, John G. and Snell, J. Laurie},
	date = {1976},
	language = {english},
}

@article{reese_nginx_2008,
	title = {Nginx: the high-performance web server and reverse proxy},
	volume = {2008},
	issn = {1075-3583},
	shorttitle = {Nginx},
	pages = {2},
	number = {173},
	journal = {Linux Journal},
	shortjournal = {Linux J.},
	author = {Reese, Will},
	date = {2008-09-01},
	language = {english},
}

@book{Nixon_web_2016,
	location = {Москва [и др.]},
	edition = {4-е изд},
	title = {Создаем динамические веб-сайты с помощью {PHP}, {MySQL} {JavaScript}, {CSS} и {HTML}5: 12+},
	isbn = {978-5-496-02146-3},
	shorttitle = {Создаем динамические веб-сайты с помощью {PHP}, {MySQL} {JavaScript}, {CSS} и {HTML}5},
	pagetotal = {766},
	publisher = {Питер},
	author = {Никсон, Робин},
	date = {2016},
	language = {russian},
}

@book{pitt_pro_2021,
	location = {Place of publication not identified},
	title = {Pro {PHP} 8 {MVC}: Model View Controller Architecture-Driven Application Development},
	isbn = {978-1-4842-6956-5},
	shorttitle = {Pro {PHP} 8 {MVC}},
	pagetotal = {388},
	author = {Pitt, Christopher},
	date = {2021},
	language = {english},
}

@book{stuttard_web_2011,
	location = {Indianapolis, {IN} : Chichester},
	title = {The Web Application Hacker's Handbook: Finding and Exploiting Security Flaws},
	isbn = {978-1-118-02647-2},
	shorttitle = {The Web Application Hacker's Handbook},
	pagetotal = {912},
	author = {Stuttard, Dafydd and Pinto, Marcus},
	date = {2011},
	language = {english},
}

@book{sole_xamarin_2022,
	location = {S.l.},
	title = {Xamarin with Visual Studio: Launch your mobile development career by creating Android and {iOS} applications using .{NET} and C\#},
	isbn = {978-93-5551-187-4},
	shorttitle = {Xamarin with Visual Studio},
	pagetotal = {468},
	publisher = {{BPB} Publications},
	author = {Sole, Alessandro Del},
	date = {2022},
	language = {english},
}


@article{korobkova_molecular_2004,
	title = {From molecular noise to behavioural variability in a single bacterium},
	volume = {428},
	copyright = {2004 Macmillan Magazines Ltd.},
	issn = {1476-4687},
	doi = {10.1038/nature02404},
	number = {6982},
	journal = {Nature},
	author = {Korobkova, Ekaterina and Emonet, Thierry and Vilar, Jose M. G. and Shimizu, Thomas S. and Cluzel, Philippe},
	year = {2004},
	keywords = {Humanities and Social Sciences, multidisciplinary, Science},
	pages = {574--578},
	language = {english},
}


@article{tu_how_2005,
	title = {How {White} {Noise} {Generates} {Power}-{Law} {Switching} in {Bacterial} {Flagellar} {Motors}},
	volume = {94},
	doi = {10.1103/PhysRevLett.94.208101},
	number = {20},
	journal = {Physical Review Letters},
	author = {Tu, Yuhai and Grinstein, G.},
	year = {2005},
	note = {Publisher: American Physical Society},
	pages = {208101},
	language = {english},
}


@article{khan_steady-state_1980,
	title = {The steady-state counterclockwise/clockwise ratio of bacterial flagellar motors is regulated by protonmotive force},
	volume = {138},
	issn = {0022-2836},
	doi = {10.1016/S0022-2836(80)80018-0},
	language = {english},
	number = {3},
	journal = {Journal of Molecular Biology},
	author = {Khan, Shahid and Macnab, Robert M.},
	year = {1980},
	pages = {563--597},
	file = {ScienceDirect Snapshot:C\:\\Users\\mike_live\\Zotero\\storage\\MTFB45NC\\S0022283680800180.html:text/html},
}


@article{gillespie_stochastic_2007,
	title = {Stochastic {Simulation} of {Chemical} {Kinetics}},
	volume = {58},
	doi = {10.1146/annurev.physchem.58.032806.104637},
	number = {1},
	journal = {Annual Review of Physical Chemistry},
	author = {Gillespie, Daniel T.},
	year = {2007},
	pmid = {17037977},
	note = {\_eprint: https://doi.org/10.1146/annurev.physchem.58.032806.104637},
	keywords = {Langevin equation, master equation, stiff systems, tau-leaping},
	pages = {35--55},
	language = {english},
}


@article{frankel_adaptability_2014,
	title = {Adaptability of non-genetic diversity in bacterial chemotaxis},
	volume = {3},
	issn = {2050-084X},
	doi = {10.7554/eLife.03526},
	journal = {eLife},
	author = {Frankel, Nicholas W and Pontius, William and Dufour, Yann S and Long, Junjiajia and Hernandez-Nunez, Luis and Emonet, Thierry},
	editor = {Marder, Eve},
	year = {2014},
	note = {Publisher: eLife Sciences Publications, Ltd},
	keywords = {chemotaxis, fitness trade-off, phenotypic diversity},
	pages = {e03526},
	language = {english},
}


@book{magnus_2021,
	address = {Москва},
	edition = {9-е изд., испр},
	series = {Учебники Президентской академии},
	title = {Эконометрика. Начальный курс: учебник},
	isbn = {978-5-85006-296-5},
	shorttitle = {Эконометрика. Начальный курс},
	language = {russian},
	publisher = {Изд. дом Дело},
	author = {Магнус, Ян Р. and Катышев, Павел Константинович and Пересецкий, Анатолий Абрамович},
	year = {2021},
	note = {RSLID: 01010688462
BBK: У.в611я73-1},
	keywords = {эконометрика, Экономика. Экономические науки -- Экономико-математические методы и модели -- Учебник для высшей школы},
}

@article{harris_generalized_2012,
	title = {Generalized {Lévy} walks and the role of chemokines in migration of effector {CD8}+ {T} cells},
	volume = {486},
	copyright = {2012 Springer Nature Limited},
	issn = {1476-4687},
	doi = {10.1038/nature11098},
	language = {english},
	number = {7404},
	journal = {Nature},
	author = {Harris, Tajie H. and Banigan, Edward J. and Christian, David A. and Konradt, Christoph and Tait Wojno, Elia D. and Norose, Kazumi and Wilson, Emma H. and John, Beena and Weninger, Wolfgang and Luster, Andrew D. and Liu, Andrea J. and Hunter, Christopher A.},
	year = {2012},
	keywords = {Biophysics, Cell migration, Chemokines},
	pages = {545--548},
}

@article{levitov_electron_1996,
	title = {Electron counting statistics and coherent states of electric current},
	volume = {37},
	issn = {0022-2488},
	url = {https://doi.org/10.1063/1.531672},
	doi = {10.1063/1.531672},
	language = {english},
	number = {10},
	urldate = {2023-08-09},
	journal = {Journal of Mathematical Physics},
	author = {Levitov, Leonid S. and Lee, Hyunwoo and Lesovik, Gordey B.},
	year = {1996},
	pages = {4845--4866},
}

@book{tikhonov_markov_process_1977,
	address = {Москва},
	title = {Марковские процессы},
	url = {https://books.google.ru/books?id=ouQ0AAAAIAAJ},
	language = {russian},
	publisher = {Сов. радио},
	author = {Тихонов, В.И. and Миронов, М.А.},
	year = {1977},
	lccn = {77517396},
}

@article{van_doom_fluid_1988,
	title = {A {Fluid} {Reservoir} {Regulated} by a {Birth}-{Death} {Process}},
	volume = {4},
	issn = {0882-0287},
	url = {https://doi.org/10.1080/15326348808807090},
	doi = {10.1080/15326348808807090},
	number = {3},
	urldate = {2023-08-09},
	journal = {Communications in Statistics. Stochastic Models},
	author = {van Doom, E.A. and Jagers, A. A. and de Wit, J.S.J.},
	year = {1988},
	pages = {457--472},
	language = {english},
}

@book{kapmen_stochastic_1990,
	address = {Москва},
	title = {Стохастические процессы в физике и химии},
	isbn = {978-5-06-001013-8},
	url = {https://search.rsl.ru/ru/record/01001562665?ysclid=ll3zidignz110119007},
	language = {russian},
	urldate = {2023-08-09},
	publisher = {Высшая школа},
	author = {Ван Кампен, Н. Г. and Моисеев, С. С. and Хоменко, Г. А.},
	year = {1990},
	keywords = {Случайные процессы (мат.), теория, Статистическая физика, Химия - Статистические методы},
}

@article{mordovina_full-counting_2013,
	title = {Full-counting statistics of random transition-rate matrices},
	volume = {88},
	url = {https://link.aps.org/doi/10.1103/PhysRevE.88.062148},
	doi = {10.1103/PhysRevE.88.062148},
	number = {6},
	urldate = {2023-08-09},
	journal = {Physical Review E},
	author = {Mordovina, Uliana and Emary, Clive},
	year = {2013},
	note = {Publisher: American Physical Society},
	pages = {062148},
	language = {english},
}

@article{munsky_finite_2006,
	title = {The finite state projection algorithm for the solution of the chemical master equation},
	volume = {124},
	issn = {0021-9606},
	url = {https://doi.org/10.1063/1.2145882},
	doi = {10.1063/1.2145882},
	number = {4},
	urldate = {2023-08-09},
	journal = {The Journal of Chemical Physics},
	author = {Munsky, Brian and Khammash, Mustafa},
	year = {2006},
	pages = {044104},
	language = {english},
}

@article{xie_bacterial_2011,
	title = {Bacterial flagellum as a propeller and as a rudder for efficient chemotaxis},
	volume = {108},
	url = {https://www.pnas.org/doi/full/10.1073/pnas.1011953108},
	doi = {10.1073/pnas.1011953108},
	language = {english},
	number = {6},
	urldate = {2023-08-11},
	journal = {Proceedings of the National Academy of Sciences},
	author = {Xie, Li and Altindal, Tuba and Chattopadhyay, Suddhashil and Wu, Xiao-Lun},
	year = {2011},
	note = {Publisher: Proceedings of the National Academy of Sciences},
	pages = {2246--2251},
}

@article{son_speed-dependent_2016,
	title = {Speed-dependent chemotactic precision in marine bacteria},
	volume = {113},
	url = {https://www.pnas.org/doi/full/10.1073/pnas.1602307113},
	doi = {10.1073/pnas.1602307113},
	language = {english},
	number = {31},
	urldate = {2023-08-11},
	journal = {Proceedings of the National Academy of Sciences},
	author = {Son, Kwangmin and Menolascina, Filippo and Stocker, Roman},
	year = {2016},
	note = {Publisher: Proceedings of the National Academy of Sciences},
	pages = {8624--8629},
}

@article{de_gennes_chemotaxis_2004,
	title = {Chemotaxis: the role of internal delays},
	volume = {33},
	issn = {0175-7571},
	shorttitle = {Chemotaxis},
	doi = {10.1007/s00249-004-0426-z},
	language = {english},
	number = {8},
	journal = {European biophysics journal: EBJ},
	author = {de Gennes, P.-G.},
	year = {2004},
	pmid = {15257424},
	keywords = {Biological Clocks, Chemotaxis, Computer Simulation, Escherichia coli, Flagella, Models, Biological, Molecular Motor Proteins, Time Factors},
	pages = {691--693},
}

@article{taute_high-throughput_2015,
	title = {High-throughput {3D} tracking of bacteria on a standard phase contrast microscope},
	volume = {6},
	copyright = {2015 The Author(s)},
	issn = {2041-1723},
	url = {https://www.nature.com/articles/ncomms9776},
	doi = {10.1038/ncomms9776},
	language = {english},
	number = {1},
	urldate = {2023-08-11},
	journal = {Nature Communications},
	author = {Taute, K. M. and Gude, S. and Tans, S. J. and Shimizu, T. S.},
	year = {2015},
	keywords = {Bacteriology, Cell migration, Cellular motility, Microscopy},
	pages = {8776},
}

@article{theves_bacterial_2013,
	title = {A {Bacterial} {Swimmer} with {Two} {Alternating} {Speeds} of {Propagation}},
	volume = {105},
	issn = {0006-3495},
	url = {https://www.sciencedirect.com/science/article/pii/S0006349513010217},
	doi = {10.1016/j.bpj.2013.08.047},
	language = {english},
	number = {8},
	urldate = {2023-08-11},
	journal = {Biophysical Journal},
	author = {Theves, Matthias and Taktikos, Johannes and Zaburdaev, Vasily and Stark, Holger and Beta, Carsten},
	year = {2013},
	pages = {1915--1924},
}

@article{son_bacteria_2013,
	title = {Bacteria Can Exploit a Flagellar Buckling Instability to Change Direction},
	author = {Son, Kwangmin and Guasto, Jeffrey S. and Stocker, Roman},
	year = {2013},
	journal = {Nature Physics},
	volume = {9},
	number = {8},
	pages = {494--498},
	publisher = {{Nature Publishing Group}},
	issn = {1745-2481},
	doi = {10.1038/nphys2676},
	urldate = {2023-08-11},
	copyright = {2013 Springer Nature Limited},
	language = {english},
	keywords = {Cellular motility,Fluid dynamics}
}

@article{liu_helical_2014,
	title = {Helical Motion of the Cell Body Enhances {{Caulobacter}} Crescentus Motility},
	author = {Liu, Bin and Gulino, Marco and Morse, Michael and Tang, Jay X. and Powers, Thomas R. and Breuer, Kenneth S.},
	year = {2014},
	journal = {Proceedings of the National Academy of Sciences of the United States of America},
	volume = {111},
	number = {31},
	pages = {11252--11256},
	issn = {0027-8424},
	doi = {10.1073/pnas.1407636111},
	urldate = {2023-08-11},
	pmcid = {PMC4128131},
	pmid = {25053810},
	language = {english},
}

@article{stocker_reverse_2011,
	title = {Reverse and Flick: {{Hybrid}} Locomotion in Bacteria},
	shorttitle = {Reverse and Flick},
	author = {Stocker, Roman},
	year = {2011},
	journal = {Proceedings of the National Academy of Sciences of the United States of America},
	volume = {108},
	number = {7},
	pages = {2635--2636},
	issn = {0027-8424},
	doi = {10.1073/pnas.1019199108},
	urldate = {2023-08-11},
	pmcid = {PMC3041106},
	language = {english},
	pmid = {21289282}
}

@article{altindal_implications_2011,
	title = {Implications of Three-Step Swimming Patterns in Bacterial Chemotaxis},
	author = {Altindal, Tuba and Xie, Li and Wu, Xiao-Lun},
	year = {2011},
	journal = {Biophysical Journal},
	volume = {100},
	number = {1},
	pages = {32--41},
	issn = {1542-0086},
	doi = {10.1016/j.bpj.2010.11.029},
	language = {english},
	pmcid = {PMC3010836},
	pmid = {21190654},
	keywords = {Chemotaxis,Escherichia coli,{Models, Biological},Vibrio alginolyticus}
}

@article{block_adaptation_1983,
	title = {Adaptation Kinetics in Bacterial Chemotaxis},
	author = {Block, S. M. and Segall, J. E. and Berg, H. C.},
	year = {1983},
	journal = {Journal of Bacteriology},
	volume = {154},
	number = {1},
	pages = {312--323},
	issn = {0021-9193},
	doi = {10.1128/jb.154.1.312-323.1983},
	language = {english},
	pmcid = {PMC217461},
	pmid = {6339475},
	keywords = {Aspartic Acid,Chemotaxis,Escherichia coli,Kinetics,Mathematics,N-Methylaspartate}
}

@article{berg_chemotaxis_1972,
	title = {Chemotaxis in {{Escherichia}} Coli Analysed by {{Three-dimensional Tracking}}},
	author = {Berg, Howard C. and Brown, Douglas A.},
	year = {1972},
	journal = {Nature},
	volume = {239},
	number = {5374},
	pages = {500--504},
	publisher = {{Nature Publishing Group}},
	issn = {1476-4687},
	doi = {10.1038/239500a0},
	urldate = {2023-08-11},
	copyright = {1972 Springer Nature Limited},
	language = {english},
	keywords = {Humanities and Social Sciences,multidisciplinary,Science}
}

@article{taktikos_how_2013,
	title = {How the {{Motility Pattern}} of {{Bacteria Affects Their Dispersal}} and {{Chemotaxis}}},
	author = {Taktikos, Johannes and Stark, Holger and Zaburdaev, Vasily},
	year = {2013},
	journal = {PLOS ONE},
	volume = {8},
	number = {12},
	pages = {e81936},
	publisher = {{Public Library of Science}},
	issn = {1932-6203},
	doi = {10.1371/journal.pone.0081936},
	urldate = {2023-08-11},
	language = {english},
	keywords = {Cell motility,Chemotaxis,Flagella,Marine bacteria,Pathogen motility,Random walk,Swimming,Velocity}
}

@article{locsei_persistence_2007,
	title = {Persistence of Direction Increases the Drift Velocity of Run and Tumble Chemotaxis},
	author = {Locsei, J. T.},
	year = {2007},
	journal = {Journal of Mathematical Biology},
	volume = {55},
	number = {1},
	pages = {41--60},
	issn = {1432-1416},
	doi = {10.1007/s00285-007-0080-z},
	urldate = {2023-08-16},
	language = {english},
	keywords = {62P10,82B41,92B05,Brownian motion,Chemotaxis,Escherichia coli,Random walks}
}

@article{xie_element_2015,
	title = {An {{Element}} of {{Determinism}} in a {{Stochastic Flagellar Motor Switch}}},
	author = {Xie, Li and Altindal, Tuba and Wu, Xiao-Lun},
	year = {2015},
	journal = {PLOS ONE},
	volume = {10},
	number = {11},
	pages = {e0141654},
	publisher = {{Public Library of Science}},
	issn = {1932-6203},
	doi = {10.1371/journal.pone.0141654},
	urldate = {2023-08-16},
	language = {english},
	keywords = {Cell polarity,Dwell time,Flagella,Flagellar rotation,Marine bacteria,Motor proteins,Phenols,Swimming}
}

@article{xie_marine_2015,
	title = {Marine {{Bacterial Chemoresponse}} to a {{Stepwise Chemoattractant Stimulus}}},
	author = {Xie, Li and Lu, Chunliang and Wu, Xiao-Lun},
	year = {2015},
	journal = {Biophysical Journal},
	volume = {108},
	number = {3},
	pages = {766--774},
	issn = {0006-3495},
	doi = {10.1016/j.bpj.2014.11.3479},
	urldate = {2023-08-16},
	language = {english},
}

@article{grabert_microdynamics_1977,
  title = {Microdynamics and Time-Evolution of Macroscopic Non-{{Markovian}} Systems},
  author = {Grabert, H. and Talkner, P. and H{\"a}nggi, P.},
  year = {1977},
  journal = {Zeitschrift f\"ur Physik B Condensed Matter},
  volume = {26},
  number = {4},
  pages = {389--395},
  issn = {1431-584X},
  doi = {10.1007/BF01570749},
  urldate = {2023-08-24},
  language = {en},
  keywords = {Complex System,Neural Network,Spectroscopy,State Physics,Time Evolution}
}

@article{celani_bacterial_2010,
  title = {Bacterial Strategies for Chemotaxis Response},
  author = {Celani, Antonio and Vergassola, Massimo},
  year = {2010},
  journal = {Proceedings of the National Academy of Sciences of the United States of America},
  volume = {107},
  number = {4},
  pages = {1391--1396},
  issn = {0027-8424},
  doi = {10.1073/pnas.0909673107},
  urldate = {2023-08-25},
  pmcid = {PMC2824349},
  pmid = {20080704}
}

@article{keller_model_1971,
  title = {Model for Chemotaxis},
  author = {Keller, E. F. and Segel, L. A.},
  year = {1971},
  journal = {Journal of Theoretical Biology},
  volume = {30},
  number = {2},
  pages = {225--234},
  issn = {0022-5193},
  doi = {10.1016/0022-5193(71)90050-6},
  language = {english},
  pmid = {4926701},
}
