@Patent{patbib1,
  heading =      {Заявка 1234567 Рос. федерация, МПК\ensuremath{^7} B 64 G 1/00},
  author =       {Иванов, И. И.},
  authortype =   {Российская Федерация},
  title =        {Многоразовая ракета-носитель},
  media =        {text},
  holder =       {заявитель Технологические технологии},
  credits =      {патент. поверенный Егорова Г. Б.},
  reqnumber =    {2000108705/28},
  date =         {2020-01-03},
  publdate =     {2020-01-02},
  publication =  {Бюл. № 7 (I ч.)\midsentence},
  prdate =       {2020-01-01},
  prnumber =     {09/289, 037},
  prcountry =    {countryru},
  pagetotal =    {5 с.~: ил.},
  language =     {russian},
  authorpatent = {yes},
}

@Patent{progbib1,
  heading =      {Свидетельство о гос. регистрации программы для {ЭВМ}},
  author =       {Кривоносов, М. И.},
  title =        {Программа для моделирования эволюции вероятности и расчета среднего времени поглощения в антагонистической игре двух игроков, управляющих случайным блужданием на решетке},
  media =        {text},
  holder =       {ННГУ им.~Н.И.~Лобачевского},
  reqnumber =    2022669824,
  publdate =     {2022-11-07},
  date =         {2022-11-07},
  prnumber =     2022680803,
  prcountry =    {countryru},
  language =     {russian},
  authorprogram ={yes},
}

@Patent{progbib2,
  heading =      {Свидетельство о гос. регистрации программы для {ЭВМ}},
  author =       {Кривоносов, М. И.},
  title =        {Программа для вычисления когнитивного возраста индивидуума на основе результатов прохождения сенсомоторных тестов и теста кампиметрии},
  media =        {text},
  holder =       {ННГУ им.~Н.И.~Лобачевского},
  reqnumber =    2022666873,
  publdate =     {2022-11-07},
  date =         {2022-11-07},
  prnumber =     2022667482,
  prcountry =    {countryru},
  language =     {russian},
  authorprogram ={yes},
}

